<?xml version="1.0" encoding="UTF-8"?><collection><record><leader>09700ntm a2200661 a 4500</leader><controlfield tag="001">006812467</controlfield><controlfield tag="003">MiAaHDL</controlfield><controlfield tag="005">20190719000000.0</controlfield><controlfield tag="006">m        d        </controlfield><controlfield tag="007">cr bn ---auaua</controlfield><controlfield tag="008">090603s1461    ua            00| ||ara d</controlfield><datafield tag="035" ind1=" " ind2=" "><subfield code="a">(MiU)006812467</subfield></datafield><datafield tag="035" ind1=" " ind2=" "><subfield code="a">sdr-miu006812467</subfield></datafield><datafield tag="040" ind1=" " ind2=" "><subfield code="a">MiU</subfield><subfield code="c">MiU</subfield><subfield code="e">amremm</subfield></datafield><datafield tag="043" ind1=" " ind2=" "><subfield code="a">n-us-mi</subfield></datafield><datafield tag="100" ind1="1" ind2=" "><subfield code="6">880-01</subfield><subfield code="a">ʻIrāqī, ʻAbd al-Raḥīm ibn al-Ḥusayn,</subfield><subfield code="d">1325-1404.</subfield></datafield><datafield tag="245" ind1="1" ind2="0"><subfield code="6">880-03</subfield><subfield code="a">Sharḥ Alfīyat al-ḥadīth,</subfield><subfield code="f">[865, i.e., 1461].</subfield></datafield><datafield tag="246" ind1="3" ind2=" "><subfield code="i">Title from GAL:</subfield><subfield code="a">Fatḥ al-mughīth</subfield></datafield><datafield tag="246" ind1="3" ind2=" "><subfield code="i">Title from inscription on front flyleaf (p.1):</subfield><subfield code="a">شرح الفية الحديث</subfield></datafield><datafield tag="260" ind1=" " ind2=" "><subfield code="a">[Egypt?,</subfield><subfield code="c">1461].</subfield></datafield><datafield tag="300" ind1=" " ind2=" "><subfield code="a">162 leaves :</subfield><subfield code="b">paper ;</subfield><subfield code="c">263 x 183 (195 x 123) mm.</subfield></datafield><datafield tag="500" ind1=" " ind2=" "><subfield code="a">Shelfmark: Ann Arbor, University of Michigan, Special Collections Library, Isl. Ms. 497</subfield></datafield><datafield tag="500" ind1=" " ind2=" "><subfield code="a">Origin: As appears in colophon on p.328, copied by Ḥasan, called Badr, ibn ʻAlī ibn Aḥmad al-Ujhūrī [al-Ajhūrī] with transcription completed 1 Dhū al-Qaʻdah 865 [ca. 8 August 1461].</subfield></datafield><datafield tag="500" ind1=" " ind2=" "><subfield code="a">Accompanying materials: a. Acquisitions slip from Yahuda -- b. Inventory cataloguing slip in hand of Winifred Smeaton Thomas.</subfield></datafield><datafield tag="500" ind1=" " ind2=" "><subfield code="a">Former shelfmark: From inner front cover and spine label, "IL 180b" (likely supplied by Yahuda, see acquisitions slip).</subfield></datafield><datafield tag="500" ind1=" " ind2=" "><subfield code="a">Binding: Pasteboards covered in black cloth ; Type III binding (without flap) approaching Western style (obviously not original to the codex, which bears traces of a previous binding with envelope flap) ; contemporary pastedowns and flyleaves in red wove paper, earlier flyleaves in European laid paper (front flyleaf now inverted) ; upper and lower covers carry 'gold'-stamped lozenge-shaped binding ornament ; edges of textblock speckled red ; resewn in cream thread, six stations ; overall in fairly good condition with some staining and deformation to boards, detaching at spine.</subfield></datafield><datafield tag="500" ind1=" " ind2=" "><subfield code="a">Support: non-European laid paper with 10 laid lines per cm. (horizontal) and chain lines grouped in threes with 7-12 mm. between chains and 50-57 between groups (vertical, not straight) ; sturdy, well-sized and burnished ; earlier flyleaves in European laid paper with 8 laid lines per cm., 23 mm. between chain lines and anchor in circle watermark with leaf above and "3" below (67 mm. tall, compare Nikolaev, Watermarks of the Ottoman Empire v.1, no.121).</subfield></datafield><datafield tag="500" ind1=" " ind2=" "><subfield code="a">Decoration: Abbreviation symbols (mainly sigla and two-teeth stroke) rubricated ; horizontal strokes of some words accented with red ; textual dividers in the form of red inverted commas.</subfield></datafield><datafield tag="500" ind1=" " ind2=" "><subfield code="a">Script: Naskh, characteristically Mamūk ; small, elegant Egyptian or 'Syrian' hand in a medium line ; virtually serifless with slight effect of tilt to the left, some elongation of horizontal strokes, pointing mainly in distinct dots (three dots represented by a curved stroke), alif maqṣūrah pointed as yāʼ, foot of isolated lām seated flatly on the baseline with foot of final joined lām descending below the baseline (still quite flat).</subfield></datafield><datafield tag="500" ind1=" " ind2=" "><subfield code="a">Layout: Written in 25 lines per page, occasionally divided to two columns to set off poetry ; frame-ruled (impression of ruling board evident).</subfield></datafield><datafield tag="500" ind1=" " ind2=" "><subfield code="a">Collation: ii, 1 (1), V-1 (10), 15 V(160), I (162), ii ; almost exclusively quinions ; catchwords present (though often cut off) ; foliation in black ink, Hindu-Arabic numerals ; pagination in pencil, Western numerals, supplied during digitization (includes flyleaves).</subfield></datafield><datafield tag="500" ind1=" " ind2=" "><subfield code="a">Colophon: "Scribal," triangular, reads "ووافق الفراغ من نسخ هذه النسخة المباركة على يد كاتبها حسن المدعو بدر بن علي بن احمد الاجهوري الشافعي في يوم السبت المبارك مستهل ذي القعدة الحرام سنة خمس وستين وثماني مائة احسن الله عاقبتها بمحمد واله وغفر لكاتبها ومالكها ولمن نظر فيها ولمن يقرأ فيها ولكافة المسلمين والمسلمات وصلى الله على اشرف الخلق سيدنا محمد خاتم النبيين والمرسلين وعلى اله وصحبه اجمعين"</subfield></datafield><datafield tag="500" ind1=" " ind2=" "><subfield code="a">Explicit: [including authorial colophon and ijāzah] "اي وكملت هذه الارجوزة بطيبة مدينة سيدنا رسول الله صلى الله عليه وسلم قال المؤلف رحمه الله وكان الفراغ منها يوم الخميس ثالث جمادى الاخرة سنة ثماني وستين وسبعمائة ... وكمل هذا الشرح عليها في يوم السبت التاسع والعشرين في رمضان المعظم قدره سنة احدى وسبعين وسبعمائة بالخانقاة الطتمرية خارج القاهرة المحروسة واجزت لكل من سمع مني هذه الارجوزة المذكورة او بعضها ان يروي عني جميع هذا الشرح عليها وجميع ما يجوز ... وعني روايته قاله وكتبه مؤلفه عبد الرحيم بن الحسين بن عبد الرحيم ابن العراقي في التاريخ المذكور تم وكمل والحمد لله اولا واخرا وصلى الله على سيدنا محمد وعلى اله وصحبه وسلم وحسبنا الله ونعم الوكيل"</subfield></datafield><datafield tag="500" ind1=" " ind2=" "><subfield code="a">Incipit: "الحمد لله الذي قبل بصحيح النية حسن العمل ... وبعد فعلم الحديث خطير وقعه كثير نفعه عليه مدار اكثر الاحكام ... فلهذا ندب الي تقديم الكناية بكتاب في علمه وكنت نظمت فيه ارجوزة الفتها ولبيان اصطلاحهم الفتها وشرعت في شرح لها بسطته ولوضحته ثم رأيته كبير الحجم فاستطلته ومللته ثم شرعت في شرح لها متوسط غير مفرط ... يقول راجي ربه المقتدر عبد الرحيم بن الحسين الاثري ... فهذه المقاصد المهمة توضح من علم الحديث رسمه ...."</subfield></datafield><datafield tag="500" ind1=" " ind2=" "><subfield code="a">Title from inscription on 'title page' (p.7).</subfield></datafield><datafield tag="500" ind1=" " ind2=" "><subfield code="a">Ms. codex.</subfield></datafield><datafield tag="510" ind1="4" ind2=" "><subfield code="a">Nikolaev, Vsevolod. Watermarks of the mediaeval Ottoman documents in Bulgarian libraries. In Watermarks of the Ottoman Empire, volume 1. Sofia: Bulgarian Academy of Sciences, 1954.</subfield></datafield><datafield tag="510" ind1="4" ind2=" "><subfield code="a">Brit. Mus. Suppl.</subfield><subfield code="c">166</subfield></datafield><datafield tag="510" ind1="4" ind2=" "><subfield code="a">Ḥājjī Khalīfah. Kashf al-ẓunūn,</subfield><subfield code="c">i 416, no. 1145</subfield></datafield><datafield tag="510" ind1="4" ind2=" "><subfield code="a">Brockelmann, C. GAL,</subfield><subfield code="c">I 359 ; II 66</subfield></datafield><datafield tag="520" ind1="8" ind2=" "><subfield code="a">Elegant copy of the author's own commentary upon his Alfīyah, or Tabṣirat al-mubtadiʼ wa-tadhkirat al-muntahī or al-Maqāṣid al-muhmalah (see opening matter on p.8), itself a versification of Kitāb Maʻrifat anwāʻ ʻilm (‘ulūm) al-ḥadīth or ʻUlūm al-ḥadīth of ‘Uthmān Ibn al-Ṣalāḥ al-Shahrazūrī (d.1243). Contents listing at opening (pp.5-6).</subfield></datafield><datafield tag="538" ind1=" " ind2=" "><subfield code="a">Mode of access: Internet.</subfield></datafield><datafield tag="541" ind1=" " ind2=" "><subfield code="a">Acquired in 1926 from the bookseller Isaac Benjamin S.E. Yahuda via purchase transacted on his behalf by his younger brother, the famous Orientalist and manuscript collector Abraham Shalom Yahuda (1877-1951).</subfield></datafield><datafield tag="546" ind1=" " ind2=" "><subfield code="a">Arabic.</subfield></datafield><datafield tag="561" ind1=" " ind2=" "><subfield code="a">Former owners' marks on inverted front flyleaf (p.4) include ownership statement in name of Muḥammad Afandī (Mehmet Efendi) tābiʻ al-marḥūm ʻAbd al-Raḥmān Katkhudā (Abdurrahman Kethüda), dated Rajab 1143 [Jan-Feb 1731] and accompanied by circular seal impression, statement reads "دخل في تصرف الفقير محمد افندى تابع المرحوم عبد الرحمن كتخدا ... في شهر رجب الفرد الحرام سنه ۱۱٤٣" as well as ownership statement and waqf statement in the name of al-Amīr ʻAlī Kāshif Jamāl al-Dīn who endowed it upon the students/scholars of Manfalūṭ (Asyūṭ province, Egypt), reads "اوقف هذا الكتاب الامير علي كاشف جمال الدين على طلبة العلم بمدينة منفلوط غفر الله له وللمسلمين امين" ; kabīkaj invocation on front fyleaf (p.4) "رحيم كبيكج" ; effaced book price on 'title page' (p.7) ; abbreviated waqf statement in upper margin on p.9 ; glosses and marginal corrections (with signes de renvoi) ; collation marks and notes (at the end of almost every quire) in name of al-Shaykh ʻAbd al-Ḥamīd al-Samhūrī [?] (عبد الحميد السمهوري) entered by Muḥammad al-Qādirī (محمد القادري), see p.10, etc.</subfield></datafield><datafield tag="600" ind1="1" ind2="0"><subfield code="a">Ibn al-Ṣalāḥ al-Shahrazūrī, ʻUthmān ibn ʻAbd al-Raḥmān,</subfield><subfield code="d">1181 or 1182-1245.</subfield><subfield code="t">ʻUlūm al-ḥadīth.</subfield></datafield><datafield tag="600" ind1="1" ind2="0"><subfield code="a">ʻIrāqī, ʻAbd al-Raḥīm ibn al-Ḥusayn,</subfield><subfield code="d">1325-1404.</subfield><subfield code="t">Alfīyat al-ʻIrāqī.</subfield></datafield><datafield tag="650" ind1=" " ind2="0"><subfield code="a">Manuscripts, Arabic</subfield><subfield code="z">Michigan</subfield><subfield code="z">Ann Arbor.</subfield></datafield><datafield tag="650" ind1=" " ind2="0"><subfield code="a">Hadith</subfield><subfield code="x">Criticism, interpretation, etc.</subfield><subfield code="v">Early works to 1800.</subfield></datafield><datafield tag="700" ind1="0" ind2=" "><subfield code="6">880-06</subfield><subfield code="a">ʻAlī Kāshif Jamāl al-Dīn,</subfield><subfield code="c">al-Amīr,</subfield><subfield code="e">former owner.</subfield></datafield><datafield tag="700" ind1="0" ind2=" "><subfield code="6">880-05</subfield><subfield code="a">Mehmet Efendi,</subfield><subfield code="d">fl. 1731,</subfield><subfield code="e">former owner.</subfield></datafield><datafield tag="700" ind1="0" ind2=" "><subfield code="6">880-04</subfield><subfield code="a">Ḥasan Badr ibn ‘Alī ibn Aḥmad al-Ujhūrī,</subfield><subfield code="d">fl. 1461,</subfield><subfield code="e">scribe.</subfield></datafield><datafield tag="773" ind1="0" ind2=" "><subfield code="a">Yahuda Collection.</subfield></datafield><datafield tag="880" ind1="0" ind2=" "><subfield code="6">700-06/</subfield><subfield code="a">علي كاشف جمال الدين,</subfield><subfield code="c">الامير</subfield><subfield code="e">مالك سابق.</subfield></datafield><datafield tag="880" ind1="0" ind2=" "><subfield code="6">700-05/</subfield><subfield code="a">محمد افندى،</subfield><subfield code="e">مالك سابق.</subfield></datafield><datafield tag="880" ind1="0" ind2=" "><subfield code="6">700-04/</subfield><subfield code="a">حسن بدر بن علي بن احمد الاجهوري,</subfield><subfield code="e">ناسخ.</subfield></datafield><datafield tag="880" ind1="1" ind2="0"><subfield code="6">245-03/</subfield><subfield code="a">شرح ألفية الحديث,</subfield><subfield code="f">[865ه، 1461م].</subfield></datafield><datafield tag="880" ind1="1" ind2=" "><subfield code="6">100-01/</subfield><subfield code="a">عرقي، عبد الرحيم بن الحسين.</subfield></datafield><datafield tag="CID" ind1=" " ind2=" "><subfield code="a">006812467</subfield></datafield><datafield tag="DAT" ind1="0" ind2=" "><subfield code="a">20190719102637.0</subfield><subfield code="b">20190719000000.0</subfield></datafield><datafield tag="DAT" ind1="1" ind2=" "><subfield code="a">20190719090653.0</subfield><subfield code="b">2019-07-19T16:10:29Z</subfield></datafield><datafield tag="DAT" ind1="2" ind2=" "><subfield code="a">2015-10-02T18:00:03Z</subfield></datafield><datafield tag="CAT" ind1=" " ind2=" "><subfield code="a">SDR-MIU</subfield><subfield code="d">EX LIBRIS - ALEPH</subfield><subfield code="l">prepare.pl-004-008</subfield></datafield><datafield tag="FMT" ind1=" " ind2=" "><subfield code="a">BK</subfield></datafield><datafield tag="HOL" ind1=" " ind2=" "><subfield code="0">sdr-miu006812467</subfield><subfield code="a">MiU</subfield><subfield code="b">SDR</subfield><subfield code="c">MIU</subfield><subfield code="p">mdp.39015079128099</subfield><subfield code="s">MIU</subfield><subfield code="1">006812467</subfield></datafield><datafield tag="974" ind1=" " ind2=" "><subfield code="b">MIU</subfield><subfield code="c">MIU</subfield><subfield code="d">20190719</subfield><subfield code="s">lit-dlps-dc</subfield><subfield code="u">mdp.39015079128099</subfield><subfield code="y">1461</subfield><subfield code="r">pd</subfield><subfield code="q">bib</subfield><subfield code="t">non-US bib date1 &lt; 1879</subfield></datafield></record></collection>